@inproceedings{papineni2002bleu,
	title={BLEU: a method for automatic evaluation of machine translation},
	author={Papineni, Kishore and Roukos, Salim and Ward, Todd and Zhu, Wei-Jing},
	booktitle={Proceedings of the 40th Annual Meeting on Association for Computational Linguistics},
	pages={311--318},
	year={2002},
	organization={Association for Computational Linguistics}
}

@article{sankar2019neural,
	title={Do Neural Dialog Systems Use the Conversation History Effectively? An Empirical Study},
	author={Sankar, Chinnadhurai and Subramanian, Sandeep and Pal, Christopher and Chandar, Sarath and Bengio, Yoshua},
	journal={arXiv preprint arXiv:1906.01603},
	year={2019}
}

@inproceedings{wei2019neural,
	title={Why do neural dialog systems generate short and meaningless replies? a comparison between dialog and translation},
	author={Wei, Bolin and Lu, Shuai and Mou, Lili and Zhou, Hao and Poupart, Pascal and Li, Ge and Jin, Zhi},
	booktitle={ICASSP 2019-2019 IEEE International Conference on Acoustics, Speech and Signal Processing (ICASSP)},
	pages={7290--7294},
	year={2019},
	organization={IEEE}
}

@inproceedings{tiedemann2009news,
	title={News from OPUS-A collection of multilingual parallel corpora with tools and interfaces},
	author={Tiedemann, J{\"o}rg},
	booktitle={Recent Advances in Natural Language Processing},
	volume={5},
	pages={237--248},
	year={2009}
}

@inproceedings{lison2016opensubtitles2016,
	title={OpenSubtitles2016: Extracting Large Parallel Corpora from Movie and TV Subtitles},
	author={Lison, Pierre and Tiedemann, J{\"o}rg},
	booktitle={Proceedings of the Tenth International Conference on Language Resources and Evaluation (LREC 2016)},
	pages={923--929},
	year={2016}
}

@inproceedings{li2017dailydialog,
	title={DailyDialog: A Manually Labelled Multi-turn Dialogue Dataset},
	author={Li, Yanran and Su, Hui and Shen, Xiaoyu and Li, Wenjie and Cao, Ziqiang and Niu, Shuzi},
	booktitle={Proceedings of the Eighth International Joint Conference on Natural Language Processing (Volume 1: Long Papers)},
	pages={986--995},
	year={2017}
}

@InProceedings{Danescu-Niculescu-Mizil+Lee:11a,	
	author={Cristian Danescu-Niculescu-Mizil and Lillian Lee},	
	title={Chameleons in imagined conversations:	A new approach to understanding coordination of linguistic style in dialogs.},
	booktitle={Proceedings of the Workshop on Cognitive Modeling and Computational Linguistics, ACL 2011},
	year={2011}
}

@article{thulac,
	title={THULAC: An Efficient Lexical Analyzer for Chinese},
	author={Sun, Maosong and Chen, Xinxiong and Zhang, Kaixu and Guo, Zhipeng and Liu, Zhiyuan},
	year={2016}
}

@inproceedings{mnih2014recurrent,
	title={Recurrent models of visual attention},
	author={Mnih, Volodymyr and Heess, Nicolas and Graves, Alex and others},
	booktitle={Advances in Neural Information Processing Systems},
	pages={2204--2212},
	year={2014}
}

@article{bahdanau2014neural,
	title={Neural machine translation by jointly learning to align and translate},
	author={Bahdanau, Dzmitry and Cho, Kyunghyun and Bengio, Yoshua},
	journal={arXiv preprint arXiv:1409.0473},
	year={2014}
}

@article{chung2014empirical,
	title={Empirical evaluation of gated recurrent neural networks on sequence modeling},
	author={Chung, Junyoung and Gulcehre, Caglar and Cho, KyungHyun and Bengio, Yoshua},
	journal={arXiv preprint arXiv:1412.3555},
	year={2014}
}

@inproceedings{hu2014convolutional,
	title={Convolutional neural network architectures for matching natural language sentences},
	author={Hu, Baotian and Lu, Zhengdong and Li, Hang and Chen, Qingcai},
	booktitle={Advances in Neural Information Processing Systems},
	pages={2042--2050},
	year={2014}
}

@inproceedings{lu2013deep,
	title={A deep architecture for matching short texts},
	author={Lu, Zhengdong and Li, Hang},
	booktitle={Advances in Neural Information Processing Systems},
	pages={1367--1375},
	year={2013}
}

@article{su2019personalized,
	title={Personalized Dialogue Response Generation Learned from Monologues},
	author={Su, Feng-Guang and Hsu, Aliyah R and Tuan, Yi-Lin and Lee, Hung-Yi},
	journal={Proc. Interspeech 2019},
	pages={4160--4164},
	year={2019}
}

@inproceedings{zhang2018personalizing,
	title={Personalizing Dialogue Agents: I have a dog, do you have pets too?},
	author={Zhang, Saizheng and Dinan, Emily and Urbanek, Jack and Szlam, Arthur and Kiela, Douwe and Weston, Jason},
	booktitle={Proceedings of the 56th Annual Meeting of the Association for Computational Linguistics (Volume 1: Long Papers)},
	pages={2204--2213},
	year={2018}
}

@inproceedings{li2016persona,
	title={A Persona-Based Neural Conversation Model},
	author={Li, Jiwei and Galley, Michel and Brockett, Chris and Spithourakis, Georgios and Gao, Jianfeng and Dolan, Bill},
	booktitle={Proceedings of the 54th Annual Meeting of the Association for Computational Linguistics (Volume 1: Long Papers)},
	pages={994--1003},
	year={2016}
}

@inproceedings{shao2017generating,
	title={Generating High-Quality and Informative Conversation Responses with Sequence-to-Sequence Models},
	author={Shao, Yuanlong and Gouws, Stephan and Britz, Denny and Goldie, Anna and Strope, Brian and Kurzweil, Ray},
	booktitle={Proceedings of the Conference on Empirical Methods in Natural Language Processing},
	pages={2210--2219},
	year={2017}
}

@inproceedings{li2016diversity,
	title={A Diversity-Promoting Objective Function for Neural Conversation Models},
	author={Li, Jiwei and Galley, Michel and Brockett, Chris and Gao, Jianfeng and Dolan, Bill},
	booktitle={Proceedings of the Conference of the North American Chapter of the Association for Computational Linguistics: Human Language Technologies},
	pages={110--119},
	year={2016}
}

@article{vinyals2015neural,
	title={A neural conversational model},
	author={Vinyals, Oriol and Le, Quoc},
	journal={arXiv preprint arXiv:1506.05869},
	year={2015}
}

@inproceedings{sutskever2014sequence,
	title={Sequence to sequence learning with neural networks},
	author={Sutskever, Ilya and Vinyals, Oriol and Le, Quoc V},
	booktitle={Advances in Neural Information Processing Systems},
	pages={3104--3112},
	year={2014}
}

@inproceedings{zens2002phrase,
	title={Phrase-based statistical machine translation},
	author={Zens, Richard and Och, Franz Josef and Ney, Hermann},
	booktitle={Annual Conference on Artificial Intelligence},
	pages={18--32},
	year={2002},
	organization={Springer}
}

@inproceedings{ritter2011data,
	title={Data-driven response generation in social media},
	author={Ritter, Alan and Cherry, Colin and Dolan, William B},
	booktitle={Proceedings of the Conference on Empirical Methods in Natural Language Processing},
	pages={583--593},
	year={2011},
	organization={Association for Computational Linguistics}
}

@article{chen2017survey,
  title={A survey on dialogue systems: Recent advances and new frontiers},
  author={Chen, Hongshen and Liu, Xiaorui and Yin, Dawei and Tang, Jiliang},
  journal={ACM SIGKDD Explorations Newsletter},
  volume={19},
  number={2},
  pages={25--35},
  year={2017},
  publisher={ACM}
}

@article{ji2014information,
	title={An information retrieval approach to short text conversation},
	author={Ji, Zongcheng and Lu, Zhengdong and Li, Hang},
	journal={arXiv preprint arXiv:1408.6988},
	year={2014}
}